@article{george1997approaches,
	Author = {George, Edward I and McCulloch, Robert E},
	Journal = {Statistica sinica},
	Pages = {339--373},
	Publisher = {JSTOR},
	Title = {Approaches for {B}ayesian variable selection},
    Volume = {7},
	Year = {1997}
}

@article{carvalho2010horseshoe,
	Author = {Carvalho, Carlos M and Polson, Nicholas G and Scott, James G},
	Journal = {Biometrika},
	Number = {2},
	Pages = {465--480},
	Publisher = {Oxford University Press},
	Title = {The Horseshoe Estimator for sparse signals},
	Volume = {97},
	Year = {2010}
}

@Manual{mvtnorm,
  title = {{mvtnorm}: Multivariate Normal and t Distributions},
  author = {Alan Genz and Frank Bretz and Tetsuhisa Miwa and Xuefei Mi and Friedrich Leisch and Fabian Scheipl and Torsten Hothorn},
  year = {2021},
  note = {R package version 1.1-3},
  url = {https://CRAN.R-project.org/package=mvtnorm},
}

@Book{genz,
  title = {Computation of Multivariate Normal and t Probabilities},
  author = {Alan Genz and Frank Bretz},
  series = {Lecture Notes in Statistics},
  year = {2009},
  publisher = {Springer-Verlag},
  address = {Heidelberg},
  isbn = {978-3-642-01688-2},
}

@article{makalic_simple_2016,
	title = {A {Simple} {Sampler} for the {Horseshoe} {Estimator}},
	volume = {23},
	issn = {1558-2361},
	doi = {10.1109/LSP.2015.2503725},
	number = {1},
	journal = {IEEE Signal Processing Letters},
	author = {Makalic, Enes and Schmidt, Daniel F.},
	month = jan,
	year = {2016},
}
